@inproceedings{jpeg,
  doi = {10.1109/iccee.2009.277},
  url = {http://dx.doi.org/10.1109/ICCEE.2009.277},
  year  = {2009},
  publisher = {{IEEE}},
  author = {Sanketh Datla and Naga Sathish Gidijala},
  title = {Parallelizing Motion {JPEG} 2000 with {CUDA}},
  booktitle = {2009 Second International Conference on Computer and Electrical Engineering}
}

@Misc{Cuda,
  Title                    = {CUDA Toolkit Documentation - v7.0},

  Author                   = {{NVIDIA Corporation}},
  HowPublished             = {[online] Disponible: \url{http://docs.nvidia.com/cuda}},
  Month                    = {3},
  Year                     = {2015},

  Owner                    = {canrilo},
  Timestamp                = {2015.07.02}
}
