@inproceedings{articulo,
  doi = {10.1109/iccee.2009.277},
  url = {http://dx.doi.org/10.1109/ICCEE.2009.277},
  year  = {2009},
  publisher = {{IEEE}},
  author = {Sanketh Datla and Naga Sathish Gidijala},
  title = {Parallelizing Motion {JPEG} 2000 with {CUDA}},
  booktitle = {2009 Second International Conference on Computer and Electrical Engineering}
}
