@article{elart,
  doi = {10.1038/nature14544},
  url = {http://dx.doi.org/10.1038/nature14544},
  year  = {2015},
  month = {may},
  publisher = {Nature Publishing Group},
  volume = {521},
  number = {7553},
  pages = {476--482},
  author = {Agoston E. Eiben and Jim Smith},
  title = {From evolutionary computation to the evolution of things},
  journal = {Nature}
}
