@article{beta,
title = "New sequential and parallel algorithms for computing the {$\beta$}-spectrum ",
journal = "Theoretical Computer Science ",
volume = "590",
number = "0",
pages = "73 - 85",
year = "2015",
note = "Fundamentals of Computation Theory ",
issn = "0304-3975",
doi = "http://dx.doi.org/10.1016/j.tcs.2015.03.033",
url = "http://www.sciencedirect.com/science/article/pii/S0304397515002601",
author = "Miros≈Çaw Kowaluk and Gabriela Majewska",
keywords = "Neighborhood graph",
keywords = "{$\beta$}-Skeleton",
keywords = "{$\beta$}-Spectrum",
keywords = "Delaunay triangulation",
keywords = "Parallel algorithms "
}

@article{unoados,
  doi = {10.1016/0925-7721(94)90018-3},
  url = {http://dx.doi.org/10.1016/0925-7721(94)90018-3},
  year  = {1994},
  month = {aug},
  publisher = {Elsevier {BV}},
  volume = {4},
  number = {4},
  pages = {199--208},
  author = {Andrzej Lingas},
  title = {A linear-time construction of the relative neighborhood graph from the Delaunay triangulation},
  journal = {Computational Geometry}
}

@article{menosdeuno,
  doi = {10.1016/s0925-7721(02)00129-3},
  url = {http://dx.doi.org/10.1016/S0925-7721(02)00129-3},
  year  = {2003},
  month = {may},
  publisher = {Elsevier {BV}},
  volume = {25},
  number = {1-2},
  pages = {35--49},
  author = {Ferran Hurtado and Giuseppe Liotta and Henk Meijer},
  title = {Optimal and suboptimal robust algorithms for proximity graphs},
  journal = {Computational Geometry}
}
